@inproceedings{koenig2002improved,
  title={Improved fast replanning for robot navigation in unknown terrain},
  author={Koenig, Sven and Likhachev, Maxim},
  booktitle={Robotics and Automation, 2002. Proceedings. ICRA'02. IEEE International Conference on},
  volume={1},
  pages={968--975},
  year={2002},
  organization={IEEE}
}